
@book {Declaration,
  author = "Thomas Jefferson et al",
  title = "United States Declaration of Independence",
  year = "1776",
}

@book {UN,
  author = "United Nations",
  title = "Universal Declaration of Human Rights",
  year = "1948",
}

@book {France,
  author = "France's National Constituent Assembly",
  title = "Declaration of the Rights of Man and of the Citizen",
  year = "1789",
}

@book {Schafer,
  author = "Russ Schafer-Landau",
  title = "The Fundamentals of Ethics (2nd Ed)",
  year = "2012",
}

@book {MMA,
  author = "Martin Marchman Andersen",
  title = "Course 42610 Philosophy of Science in Engineering Lecture 7: Ethical Theories (lecture sides)",
  institute = "Technical University of Denmark",
  year = "2017",
}